<?xml version="1.0" encoding="UTF-8"?>
<collection xmlns="http://www.loc.gov/MARC21/slim"><record><controlfield tag="001">3418758</controlfield><datafield tag="690" ind1="C" ind2=" "><subfield code="a">Preprint</subfield></datafield><datafield tag="037" ind1=" " ind2=" "><subfield code="a">SLAC-PUB-9865</subfield></datafield><datafield tag="100" ind1=" " ind2=" "><subfield code="a">Brooks, T.C.</subfield><subfield code="u">Case Western Reserve U.</subfield></datafield><datafield tag="100" ind1=" " ind2=" "><subfield code="a">Convery, M.E.</subfield><subfield code="u">Case Western Reserve U.</subfield></datafield><datafield tag="100" ind1=" " ind2=" "><subfield code="a">Davis, W.L.</subfield><subfield code="u">Case Western Reserve U.</subfield></datafield><datafield tag="100" ind1=" " ind2=" "><subfield code="a">DelSignore, K.W.</subfield><subfield code="u">Case Western Reserve U.</subfield></datafield><datafield tag="100" ind1=" " ind2=" "><subfield code="a">Jenkins, T.L.</subfield><subfield code="u">Case Western Reserve U.</subfield></datafield><datafield tag="100" ind1=" " ind2=" "><subfield code="a">Kangas, E.</subfield><subfield code="u">Case Western Reserve U.</subfield></datafield><datafield tag="100" ind1=" " ind2=" "><subfield code="a">Knepley, M.G.</subfield><subfield code="u">Case Western Reserve U.</subfield></datafield><datafield tag="100" ind1=" " ind2=" "><subfield code="a">Kowalski, K.L.</subfield><subfield code="u">Case Western Reserve U.</subfield></datafield><datafield tag="100" ind1=" " ind2=" "><subfield code="a">Taylor, C.C.</subfield><subfield code="u">Case Western Reserve U.</subfield></datafield><datafield tag="100" ind1=" " ind2=" "><subfield code="a">Oh, S.H.</subfield><subfield code="u">Duke U.</subfield></datafield><datafield tag="100" ind1=" " ind2=" "><subfield code="a">Walker, W.D.</subfield><subfield code="u">Duke U.</subfield></datafield><datafield tag="100" ind1=" " ind2=" "><subfield code="a">Colestock, P.L.</subfield><subfield code="u">Fermilab</subfield></datafield><datafield tag="100" ind1=" " ind2=" "><subfield code="a">Hanna, B.</subfield><subfield code="u">Fermilab</subfield></datafield><datafield tag="100" ind1=" " ind2=" "><subfield code="a">Martens, M.</subfield><subfield code="u">Fermilab</subfield></datafield><datafield tag="100" ind1=" " ind2=" "><subfield code="a">Steets, J.</subfield><subfield code="u">Fermilab</subfield></datafield><datafield tag="100" ind1=" " ind2=" "><subfield code="a">Ball, R.</subfield><subfield code="u">Michigan U.</subfield></datafield><datafield tag="100" ind1=" " ind2=" "><subfield code="a">Gustafson, H.R.</subfield><subfield code="u">Michigan U.</subfield></datafield><datafield tag="100" ind1=" " ind2=" "><subfield code="a">Jones, L.W.</subfield><subfield code="u">Michigan U.</subfield></datafield><datafield tag="100" ind1=" " ind2=" "><subfield code="a">Longo, M.J.</subfield><subfield code="u">Michigan U.</subfield></datafield><datafield tag="100" ind1=" " ind2=" "><subfield code="a">Bjorken, J.D.</subfield><subfield code="u">SLAC</subfield></datafield><datafield tag="100" ind1=" " ind2=" "><subfield code="a">Abashian, A.</subfield><subfield code="u">Virginia Tech.</subfield></datafield><datafield tag="100" ind1=" " ind2=" "><subfield code="a">Morgan, N.</subfield><subfield code="u">Virginia Tech.</subfield></datafield><datafield tag="100" ind1=" " ind2=" "><subfield code="a">Pruneau, C.A.</subfield><subfield code="u">Wayne State U.</subfield></datafield><datafield tag="710" ind1=" " ind2=" "><subfield code="g">MiniMax Collaboration</subfield></datafield><datafield tag="245" ind1=" " ind2=" "><subfield code="a">Analysis of charged particle / photon correlations in hadronic
multiparticle production</subfield></datafield><datafield tag="773" ind1=" " ind2=" "><subfield code="a">Phys.Rev.D55:5667-5680,1997</subfield></datafield><datafield tag="650" ind1="2" ind2="7"><subfield code="a">SLAC, there, 09/96</subfield><subfield code="2">SLAC author</subfield></datafield><datafield tag="269" ind1=" " ind2=" "><subfield code="c">Sep 1996</subfield></datafield><datafield tag="773" ind1=" " ind2=" "><subfield code="a">Phys.Rev.D</subfield></datafield><datafield tag="650" ind1="1" ind2="7"><subfield code="a">Experimental, S</subfield></datafield><datafield tag="300" ind1=" " ind2=" "><subfield code="a">35</subfield></datafield><datafield tag="999" ind1="C" ind2="5"><subfield code="m">PHLTA,B217,169</subfield></datafield><datafield tag="999" ind1="C" ind2="5"><subfield code="m">PHLTA,B266,482</subfield></datafield><datafield tag="999" ind1="C" ind2="5"><subfield code="m">IMPAE,A7,4189</subfield></datafield><datafield tag="999" ind1="C" ind2="5"><subfield code="m">APPOA,B23,561</subfield></datafield><datafield tag="999" ind1="C" ind2="5"><subfield code="m">PHRVA,D46,246</subfield></datafield><datafield tag="999" ind1="C" ind2="5"><subfield code="m">HEP-PH 9211282</subfield></datafield><datafield tag="999" ind1="C" ind2="5"><subfield code="m">NUPHA,B399,395</subfield></datafield><datafield tag="999" ind1="C" ind2="5"><subfield code="m">PHRVA,D51,2482</subfield></datafield><datafield tag="999" ind1="C" ind2="5"><subfield code="m">HEP-PH 9411329</subfield></datafield><datafield tag="999" ind1="C" ind2="5"><subfield code="m">HEP-PH 9501210</subfield></datafield><datafield tag="999" ind1="C" ind2="5"><subfield code="m">PRLTA,72,970</subfield></datafield><datafield tag="999" ind1="C" ind2="5"><subfield code="m">RPPHA,58,611</subfield></datafield><datafield tag="999" ind1="C" ind2="5"><subfield code="m">JTPLA,33,67</subfield></datafield><datafield tag="999" ind1="C" ind2="5"><subfield code="m">APNYA,66,509</subfield></datafield><datafield tag="999" ind1="C" ind2="5"><subfield code="m">IMPAE,A2,1447</subfield></datafield><datafield tag="999" ind1="C" ind2="5"><subfield code="m">IMPAE,A4,1527</subfield></datafield><datafield tag="999" ind1="C" ind2="5"><subfield code="m">MPLAE,A8,2747</subfield></datafield><datafield tag="999" ind1="C" ind2="5"><subfield code="m">JTPLA,59,585</subfield></datafield><datafield tag="999" ind1="C" ind2="5"><subfield code="m">PHRVA,D49,5805</subfield></datafield><datafield tag="999" ind1="C" ind2="5"><subfield code="m">HEP-PH 9503325</subfield></datafield><datafield tag="999" ind1="C" ind2="5"><subfield code="m">PHRVA,D9,3113</subfield></datafield><datafield tag="999" ind1="C" ind2="5"><subfield code="m">NUIMA,138,241</subfield></datafield><datafield tag="999" ind1="C" ind2="5"><subfield code="m">NUIMA,140,533</subfield></datafield><datafield tag="999" ind1="C" ind2="5"><subfield code="m">PHLTA,B206,707</subfield></datafield><datafield tag="999" ind1="C" ind2="5"><subfield code="m">ZEPYA,C43,75</subfield></datafield><datafield tag="999" ind1="C" ind2="5"><subfield code="m">HEP-PH 9309235</subfield></datafield><datafield tag="999" ind1="C" ind2="5"><subfield code="m">BAPSA,41,902</subfield></datafield><datafield tag="999" ind1="C" ind2="5"><subfield code="m">BAPSA,41,938</subfield></datafield><datafield tag="999" ind1="C" ind2="5"><subfield code="m">PHRVA,D50,6811</subfield></datafield><datafield tag="999" ind1="C" ind2="5"><subfield code="m">PRPLC,65,151</subfield></datafield><datafield tag="999" ind1="C" ind2="5"><subfield code="m">NUPHA,B370,365</subfield></datafield><datafield tag="999" ind1="C" ind2="5"><subfield code="m">PHRVA,D48,5</subfield></datafield><datafield tag="999" ind1="C" ind2="5"><subfield code="m">CPHCB,46,43</subfield></datafield><datafield tag="999" ind1="C" ind2="5"><subfield code="t">PHLTA,B217,169</subfield></datafield><datafield tag="999" ind1="C" ind2="5"><subfield code="t">PHLTA,B266,482</subfield></datafield><datafield tag="999" ind1="C" ind2="5"><subfield code="t">IMPAE,A7,4189</subfield></datafield><datafield tag="999" ind1="C" ind2="5"><subfield code="t">APPOA,B23,561</subfield></datafield><datafield tag="999" ind1="C" ind2="5"><subfield code="t">PHRVA,D46,246</subfield></datafield><datafield tag="999" ind1="C" ind2="5"><subfield code="t">HEP-PH 9211282</subfield></datafield><datafield tag="999" ind1="C" ind2="5"><subfield code="t">NUPHA,B399,395</subfield></datafield><datafield tag="999" ind1="C" ind2="5"><subfield code="t">PHRVA,D51,2482</subfield></datafield><datafield tag="999" ind1="C" ind2="5"><subfield code="t">HEP-PH 9411329</subfield></datafield><datafield tag="999" ind1="C" ind2="5"><subfield code="t">HEP-PH 9501210</subfield></datafield><datafield tag="999" ind1="C" ind2="5"><subfield code="t">PRLTA,72,970</subfield></datafield><datafield tag="999" ind1="C" ind2="5"><subfield code="t">RPPHA,58,611</subfield></datafield><datafield tag="999" ind1="C" ind2="5"><subfield code="t">JTPLA,33,67</subfield></datafield><datafield tag="999" ind1="C" ind2="5"><subfield code="t">APNYA,66,509</subfield></datafield><datafield tag="999" ind1="C" ind2="5"><subfield code="t">IMPAE,A2,1447</subfield></datafield><datafield tag="999" ind1="C" ind2="5"><subfield code="t">IMPAE,A4,1527</subfield></datafield><datafield tag="999" ind1="C" ind2="5"><subfield code="t">MPLAE,A8,2747</subfield></datafield><datafield tag="999" ind1="C" ind2="5"><subfield code="t">JTPLA,59,585</subfield></datafield><datafield tag="999" ind1="C" ind2="5"><subfield code="t">PHRVA,D49,5805</subfield></datafield><datafield tag="999" ind1="C" ind2="5"><subfield code="t">HEP-PH 9503325</subfield></datafield><datafield tag="999" ind1="C" ind2="5"><subfield code="t">PHRVA,D9,3113</subfield></datafield><datafield tag="999" ind1="C" ind2="5"><subfield code="t">NUIMA,138,241</subfield></datafield><datafield tag="999" ind1="C" ind2="5"><subfield code="t">NUIMA,140,533</subfield></datafield><datafield tag="999" ind1="C" ind2="5"><subfield code="t">PHLTA,B206,707</subfield></datafield><datafield tag="999" ind1="C" ind2="5"><subfield code="t">ZEPYA,C43,75</subfield></datafield><datafield tag="999" ind1="C" ind2="5"><subfield code="t">HEP-PH 9309235</subfield></datafield><datafield tag="999" ind1="C" ind2="5"><subfield code="t">BAPSA,41,902</subfield></datafield><datafield tag="999" ind1="C" ind2="5"><subfield code="t">BAPSA,41,938</subfield></datafield><datafield tag="999" ind1="C" ind2="5"><subfield code="t">PHRVA,D50,6811</subfield></datafield><datafield tag="999" ind1="C" ind2="5"><subfield code="t">PRPLC,65,151</subfield></datafield><datafield tag="999" ind1="C" ind2="5"><subfield code="t">NUPHA,B370,365</subfield></datafield><datafield tag="999" ind1="C" ind2="5"><subfield code="t">PHRVA,D48,5</subfield></datafield><datafield tag="999" ind1="C" ind2="5"><subfield code="t">CPHCB,46,43</subfield></datafield><datafield tag="693" ind1=" " ind2=" "><subfield code="e">FNAL-E-0864</subfield></datafield><datafield tag="653" ind1="1" ind2=" "><subfield code="9">DESY</subfield><subfield code="a">data analysis method</subfield></datafield><datafield tag="653" ind1="1" ind2=" "><subfield code="9">DESY</subfield><subfield code="a">hadron hadron, interaction</subfield></datafield><datafield tag="653" ind1="1" ind2=" "><subfield code="9">DESY</subfield><subfield code="a">anti-p p, annihilation</subfield></datafield><datafield tag="653" ind1="1" ind2=" "><subfield code="9">DESY</subfield><subfield code="a">multiple production</subfield></datafield><datafield tag="653" ind1="1" ind2=" "><subfield code="9">DESY</subfield><subfield code="a">charged particle, hadroproduction</subfield></datafield><datafield tag="653" ind1="1" ind2=" "><subfield code="9">DESY</subfield><subfield code="a">photon, associated production</subfield></datafield><datafield tag="653" ind1="1" ind2=" "><subfield code="9">DESY</subfield><subfield code="a">pi, charged particle</subfield></datafield><datafield tag="653" ind1="1" ind2=" "><subfield code="9">DESY</subfield><subfield code="a">pi0</subfield></datafield><datafield tag="653" ind1="1" ind2=" "><subfield code="9">DESY</subfield><subfield code="a">multiplicity, moment</subfield></datafield><datafield tag="653" ind1="1" ind2=" "><subfield code="9">DESY</subfield><subfield code="a">symmetry, chiral</subfield></datafield><datafield tag="653" ind1="1" ind2=" "><subfield code="9">DESY</subfield><subfield code="a">critical phenomena</subfield></datafield><datafield tag="653" ind1="1" ind2=" "><subfield code="9">DESY</subfield><subfield code="a">pi, condensation</subfield></datafield><datafield tag="653" ind1="1" ind2=" "><subfield code="9">DESY</subfield><subfield code="a">numerical calculations, Monte Carlo</subfield></datafield><datafield tag="088" ind1=" " ind2=" "><subfield code="9">DESY</subfield><subfield code="a">D96-20944</subfield></datafield><datafield tag="246" ind1=" " ind2=" "><subfield code="a">Analysis of charged-particle/photon correlations in hadronic  multiparticleproduction.</subfield></datafield><datafield tag="037" ind1=" " ind2=" "><subfield code="a">HEPPH-9609375</subfield></datafield><datafield tag="961" ind1=" " ind2=" "><subfield code="x">09/18/1996</subfield></datafield><datafield tag="961" ind1=" " ind2=" "><subfield code="c">07/08/2004</subfield></datafield><datafield tag="856" ind1="4" ind2=" "><subfield code="u">1997PhRvD..55.5667B</subfield><subfield code="y">ADSABS</subfield></datafield><datafield tag="856" ind1="4" ind2=" "><subfield code="u">V55/P05667/</subfield><subfield code="y">PHRVA-D</subfield></datafield><datafield tag="856" ind1="4" ind2=" "><subfield code="u">9865</subfield><subfield code="y">SLACPUB</subfield></datafield><datafield tag="773" ind1=" " ind2=" "><subfield code="a">10.1103/PhysRevD.55.5667</subfield></datafield></record></collection>

